<?xml version="1.0" encoding="UTF-8"?><collection xmlns="http://www.loc.gov/MARC21/slim"><record><leader>00292nam--2200121-i-4500</leader><controlfield tag="001">000017575</controlfield><controlfield tag="002">20161230</controlfield><controlfield tag="005">20161230201032</controlfield><controlfield tag="008">060222s1000------------r-----000-0-eng-d</controlfield><datafield ind1=" " ind2=" " tag="100"><subfield code="a">Ascher, E</subfield></datafield><datafield ind1=" " ind2=" " tag="245"><subfield code="a">Etienne, l</subfield></datafield><datafield ind1=" " ind2=" " tag="260"><subfield code="a">Janner, A</subfield></datafield><datafield ind1=" " ind2=" " tag="490"><subfield code="a">Brussels, Cobalt Information Centre, 1962 185 P</subfield></datafield></record></collection>